@article{prem2020effect,
  title={The effect of control strategies to reduce social mixing on outcomes of the COVID-19 epidemic in Wuhan, China: a modelling study},
  author={Prem, Kiesha and Liu, Yang and Russell, Timothy W and Kucharski, Adam J and Eggo, Rosalind M and Davies, Nicholas and Flasche, Stefan and Clifford, Samuel and Pearson, Carl AB and Munday, James D and others},
  journal={The Lancet Public Health},
  year={2020},
  publisher={Elsevier},
  file={:prem2020effect.pdf:PDF}
}

@article{littig2007short,
  title={Short term hospital occupancy prediction},
  author={Littig, Steven J and Isken, Mark W},
  journal={Health care management science},
  volume={10},
  number={1},
  pages={47--66},
  year={2007},
  publisher={Springer},
  file={:littig2007short.pdf:PDF}
}

@article{zhou2020clinical,
  title={Clinical course and risk factors for mortality of adult inpatients with COVID-19 in Wuhan, China: a retrospective cohort study},
  author={Zhou, Fei and Yu, Ting and Du, Ronghui and Fan, Guohui and Liu, Ying and Liu, Zhibo and Xiang, Jie and Wang, Yeming and Song, Bin and Gu, Xiaoying and others},
  journal={The Lancet},
  year={2020},
  publisher={Elsevier},
  file={:zhou2020clinical.pdf:PDF}
}

@article{seematter2015comparison,
  title={Comparison of different methods to forecast hospital bed needs},
  author={Seematter-Bagnoud, L and Fustinoni, S and Dung, DH and Santos-Eggimann, B and Koehn, V and Bize, R and Oettli, A and Wasserfallen, J-B},
  journal={European Geriatric Medicine},
  volume={6},
  number={3},
  pages={262--266},
  year={2015},
  publisher={Elsevier},
  file={:seematter2015comparison.pdf:PDF}
}

@article{ihme2020forecasting,
  author={IHMECOVID-19 health service utilization forecasting team and Murray, Christopher JL},
  title={Forecasting COVID-19 impact on hospital bed-days, ICU-days, ventilator-days and deaths by US state in the next 4 months},
  elocation-id={2020.03.27.20043752},
  year={2020},
  doi={10.1101/2020.03.27.20043752},
  publisher={Cold Spring Harbor Laboratory Press},
  URL={https://www.medrxiv.org/content/early/2020/03/30/2020.03.27.20043752},
  eprint={https://www.medrxiv.org/content/early/2020/03/30/2020.03.27.20043752.full.pdf},
  journal={medRxiv},
  note={preprint},
  file={:ihme2020forecasting.pdf:PDF}
}

